@article{Bowman2005,
   Author = {Bowman, C. and Gumel, A. B. and van den Driessche, P. and Wu, J. and Zhu, H.},
   Title = {A mathematical model for assessing control strategies against West Nile virus},
   Journal = {Bull Math Biol},
   Volume = {67},
   Number = {5},
   Pages = {1107-33},
   Year = {2005} }



@article{Chitnis2006,
	author = {Chitnis, Nakul and Cushing, J. M. and Hyman, J. M.},
	doi = {10.1137/050638941},
	issn = {00361399},
	journal = {SIAM Journal on Applied Mathematics},
	number = {1},
	pages = {24},
	title = {{Bifurcation Analysis of a Mathematical Model for Malaria Transmission}},
	url = {http://link.aip.org/link/SMJMAP/v67/i1/p24/s1\&Agg=doi},
	volume = {67},
	year = {2006} }

@article{Cruz-Pacheco2005,
   Author = {Cruz-Pacheco, G. and Esteva, L. and Montano-Hirose, J. A. and Var-gas, C.},
   Title = {Modelling the dynamics of West Nile Virus},
   Journal = {Bull Math Biol},
   Volume = {67},
   Number = {6},
   Pages = {1157-72},
   Year = {2005} }



@article{Diekmann1990,
   Author = {Diekmann, O. and Heesterbeek, J. A. P. and Metz, J. A. J.},
   Title = {On the Definition and the Computation of the Basic Reproduction Ratio R0 in Models For Infectious-Diseases
   in Heterogeneous Populations},
   Journal = {Journal of Mathematical Biology},
   Volume = {28},
   Number = {4},
   Pages = {365-382},
   Year = {1990} }



@article{Foppa2007,
   Author = {Foppa, I. M. and Spielman, A.},
   Title = {Does reservoir host mortality enhance transmission of West Nile virus?},
   Journal = {Theor Biol Med Model},
   Volume = {4},
   Pages = {17},
   Year = {2007} }

@article{Grant1995,
  title={Electrophysiological responses of receptor neurons in mosquito maxillary palp sensilla to carbon dioxide},
  author={Grant, AJ and Aghajanian, JG and O'Connell, RJ and Wigton, BE},
  journal={Journal of Comparative Physiology A: Neuroethology, Sensory, Neural, and Behavioral Physiology},
  volume={177},
  number={4},
  pages={389--396},
  year={1995},
  publisher={Springer}
}



@article{
Kilpatrick2006,
   Author = {Kilpatrick, A. M. and Kramer, L. D. and Jones, M. J. and Marra, P. P. and Daszak, P.},
   Title = {West Nile virus epidemics in North America are driven by shifts in mos-quito feeding behavior},
   Journal = {PLoS Biol},
   Volume = {4},
   Number = {4},
   Pages = {e82},
   Year = {2006} }



@incollection{Klowden2005,
   Author = {Klowden, Marc J. and Zwiebel, Laurence J.},
   Title = {Vector Olfaction and Behavior},
   BookTitle = {Biology of disease vectors},
   Editor = {Marquardt, William C.},
   Publisher = {Elsevier Academic Press},
   Address = {Burlington, MA},
   Edition = {2nd},
   Pages = {277-87},
   Keywords = {Insects as carriers of disease.
Molecular entomology.
Insect Vectors.
Molecular Biology.},
   Year = {2005} }



@book{Lehane1991,
   Author = {Lehane, M. J.},
   Title = {Biology of blood-sucking insects},
   Publisher = {HarperCollins Academic},
   Address = {London},
   Year = {1991} }

@article{Leveque1996,
  title={High-resolution conservative algorithms for advection in incompressible flow},
  author={LeVeque, R.J.},
  journal={SIAM Journal on Numerical Analysis},
  volume={33},
  number={2},
  pages={627--665},
  year={1996},
  publisher={JSTOR}
}

@article{Macdonald1952,
   Author = {Macdonald, G.},
   Title = {The analysis of equilibrium in malaria},
   Journal = {Trop Dis Bull},
   Volume = {49},
   Number = {9},
   Pages = {813-29},
   Year = {1952} }



@book{Marquardt2005,
   Author = {Marquardt, William C. and Kondratieff, B. C.},
   Title = {Biology of disease vectors},
   Publisher = {Elsevier Academic Press},
   Address = {Burlington, MA},
   Edition = {2nd},
   Year = {2005} }



@article{Petersen2001,
   Author = {Petersen, L. R. and Roehrig, J. T.},
   Title = {West Nile virus: A reemerging global pathogen},
   Journal = {Emerging Infectious Diseases},
   Volume = {7},
   Number = {4},
   Pages = {611-614},
   Year = {2001} }



@article{Reiter1986,
   Author = {Reiter, P.},
   Title = {A standardized procedure for the quantitative surveillance of certain Culex mosquitoes by egg raft
   collection},
   Journal = {J Am Mosq Control Assoc},
   Volume = {2},
   Number = {2},
   Pages = {219-21},
   Year = {1986} }



@book{
Ross1910,
   Author = {Ross, Ronald},
   Title = {The Prevention of Malaria},
   Publisher = {E.P. Dutton $\&$ Company},
   Address = {New York},
   Year = {1910} }



@article{Vickers2000,
   Author = {Vickers, N. J.},
   Title = {Mechanisms of animal navigation in odor plumes},
   Journal = {Biological Bulletin},
   Volume = {198},
   Number = {2},
   Pages = {203-212},
   Year = {2000} }



@article{Wonham2004,
   Author = {Wonham, M. J. and de-Camino-Beck, T. and Lewis, M. A.},
   Title = {An epidemiological model for West Nile virus: invasion analysis and control applications},
   Journal = {Proc Biol Sci},
   Volume = {271},
   Number = {1538},
   Pages = {501-7},
   Year = {2004} }



@article{Wonham2006,
   Author = {Wonham, M. J. and Lewis, M. A. and Renclawowicz, J. and van den Driessche, P.},
   Title = {Transmission assumptions generate conflicting predictions in host-vector disease models: a case study in
   West Nile virus},
   Journal = {Ecol Lett},
   Volume = {9},
   Number = {6},
   Pages = {706-25},
   Year = {2006} }

@article{Bowen1991,
  title={{The sensory physiology of host-seeking behavior in mosquitoes}},
  author={Bowen, MF},
  journal={Annual review of entomology},
  volume={36},
  pages={139--158},
  year={1991}
}

@article{Syed2009,
  title={{Acute olfactory response of Culex mosquitoes to a human-and bird-derived attractant}},
  author={Syed, Z. and Leal, W.S.},
  journal={Proceedings of the National Academy of Sciences},
  volume={106},
  number={44},
  pages={18803},
  year={2009}
}

@article{Gillies1980,
  title={{The role of carbon dioxide in host-finding by mosquitoes (Diptera: Culicidae): a review}},
  author={Gillies, MT},
  journal={Bulletin of Entomological Research},
  volume={70},
  number={04},
  pages={525--532},
  year={1980}
}

@article{Gibson1999,
  title={{Visual and olfactory responses of haematophagous Diptera to host stimuli}},
  author={Gibson, G. and Torr, SJ},
  journal={Medical and Veterinary Entomology},
  volume={13},
  number={1},
  pages={2--23},
  year={1999}
}

@article{Dekker2001,
  title={{Structure of host-odour plumes influences catch of Anopheles gambiae ss and Aedes aegypti in a dual-choice olfactometer}},
  author={Dekker, T. and Takken, W. and Carde, R.T.},
  journal={Physiological Entomology},
  volume={26},
  number={2},
  pages={124--134},
  year={2001}
}

@article{Dekker2005,
  title={{Carbon dioxide instantly sensitizes female yellow fever mosquitoes to human skin odours}},
  author={Dekker, T. and Geier, M. and Carde, R.T.},
  journal={Journal of Experimental Biology},
  volume={208},
  number={15},
  pages={2963--2972},
  year={2005}
}

@article{Bidlingmayer1994,
  title={{How mosquitoes see traps: role of visual responses}},
  author={Bidlingmayer, WL},
  journal={Journal of the American Mosquito Control Association},
  volume={10},
  number={2},
  pages={272--279},
  year={1994}
}

@conference{Carde1996,
  title={{Odour plumes and odour-mediated flight in insects.}},
  author={Card\'{e}, R.T.},
  booktitle={Ciba Foundation Symposium},
  volume={200},
  pages={54--66},
  year={1996}
}

@book{Clements1999,
  title={{Biology of Mosquitoes Volume 2: Sensory Reception and Behaviour}},
  author={Clements, AN},
  year={1999},
  publisher={CABI publishing}
}

@conference{Davis1996,
  title={{Olfactory control of mosquito behaviour.}},
  author={Davis, EE},
  booktitle={Ciba Foundation symposium},
  volume={200},
  pages={48--53},
  year={1996}
}

@article{Gillies1974,
  title={{Evidence for downwind flights by host-seeking mosquitoes}},
  author={Gillies, MT and Wilkes, TJ},
  journal={Nature},
  volume={252},
  pages={388--389},
  year={1974}
}

@article{Dusenbery1989,
  title={{Optimal search direction for an animal flying or swimming in a wind or current}},
  author={Dusenbery, D.B.},
  journal={Journal of Chemical Ecology},
  volume={15},
  number={11},
  pages={2511--2519},
  year={1989}
}

@article{Sabelis1984,
  title={{Variable wind directions and anemotactic strategies of searching for an odour plume}},
  author={Sabelis, MW and Schippers, P.},
  journal={Oecologia},
  volume={63},
  number={2},
  pages={225--228},
  year={1984}
}

@article{Cooperband2006,
  title={{Orientation of Culex mosquitoes to carbon dioxide-baited traps: flight manoeuvres and trapping efficiency}},
  author={Cooperband, MF and Card\'{e}, RT},
  journal={Medical and Veterinary Entomology},
  volume={20},
  number={1},
  pages={11--26},
  year={2006}
}

@ARTICLE{Woolhouse1997,
  author = {Woolhouse, M. E. and Dye, C. and Etard, J. F. and Smith, T. and Charlwood,
	J. D. and Garnett, G. P. and Hagan, P. and Hii, J. L. and Ndhlovu,
	P. D. and Quinnell, R. J. and Watts, C. H. and Chandiwana, S. K.
	and Anderson, R. M.},
  title = {Heterogeneities in the transmission of infectious agents: implications
	for the design of control programs},
  journal = {Proc Natl Acad Sci U S A},
  year = {1997},
  volume = {94},
  pages = {338-42},
  number = {1}
}

@ARTICLE{Dye1986,
 author = {Dye, C. and Hasibeder, G.},
 title = {Population-dynamics of mosquito-borne disease - effects of flies
	which bite some people more frequently than others},
 journal = {Transactions of the Royal Society of Tropical Medicine and Hygiene},
 year = {1986},
 volume = {80},
 pages = {69-77},
 number = {1}
}

@ARTICLE{Hasibeder1988,
 author = {Hasibeder, G. and Dye, C.},
 title = {Population-dynamics of mosquito-borne disease - persistence in a
	completely heterogeneous environment},
 journal = {Theoretical Population Biology},
 year = {1988},
 volume = {33},
 pages = {31-53},
 number = {1},
 owner = {ifoppa},
 timestamp = {2010.07.19}
}
